@article{1,
	title		= "Learning to solve arithmetic word problems with verb categorization",
	author		= "Mohammad Javad Hosseini and Hannaneh Hajishirzi and Oren Etzioni and Nate Kushman",
	journal		= "Empirical Methods in Natural Language
	Processing",
	pages		= "523--533",
	year		= "2014"
}
@article{2,
	title		= "Learning to automatically solve algebra word problems",
	author		= "Nate Kushman and Yoav Artzi and Luke Zettlemoyer and Regina Barzilay",
	journal		= "Association for Computational Linguistics",
	pages		= "271--281",
	year		= "2014"
}

@article{3,
	title		= "Parsing Algebraic Word Problems into Equations",
	author		= "Rik Koncel-Kedziorski and Hannaneh Hajishirzi, Ashish Sabharwal and Oren Etzioni and Siena Dumas Ang",
	journal	= "Empirical Methods in Natural Language
	Processing",
	pages		= "1132--1142",
	year		= "2015"
}

@article{4,
	title		= "Natural language input for a computer problem-solving	system",
	author		= "D.G. Bobrow",
	journal		= "Report MAC-TR-1, Project MAC, MIT, Cambridge",
	pages		= "",
	year		= "1964a"
}

@article{5,
	title		= "CARPS: a program which solves calculus word problems",
	author		= "E. Charniak",
	journal	= "Report MAC-TR-51, Project MAC, MIT, Cambridge",
	pages		= "",
	year		= "1968"
}

@article{6,
	title		= "Modeling Math Word Problems with	Augmented Semantic Networks",
	author		= "C. Liguda and T. Pfeiffer",
	journal	= "NLDB",
	pages		= "247--252",
	year		= "2012"
}
@article{7,
	title		= "Automatically Solving Number Word Problems by Semantic Parsing and Reasoning",
	author		= "Shuming Shi and Yuehui Wang and Chin-Yew Lin and Xiaojiang Liu and Yong Rui",
	journal		= "Empirical Methods in Natural Language Processing",
	pages		= "1132--1142",
	year		= "2015"
}
@article{8,
	title		= "Learning to automatically solve logic grid puzzles",
	author		= "Arindam Mitra and Chitta Baral",
	journal	= "Empirical Methods in Natural Language Processing",
	pages		= "",
	year		= "2015"
}

@article{9,
	title		= "Diagram understanding in geometry questions",
	author		= "Min Joon Seo and Hannaneh Hajishirzi and Ali Farhadi and Oren Etzioni",
	journal	= "AAAI",
	pages		= "",
	year		= "2014"
}
@article{10,
	title		= "Solving geometry problems: Combining text and diagram interpretation",
	author		= "Minjoon Seo and Hannaneh Hajishirzi and Ali Farhadi and Oren Etzioni and Clint Malcolm",
	journal	= "Empirical Methods in Natural Language Processing",
	pages		= "",
	year		= "2015"
}

@article{11,
	title		= "Solving general arithmetic word problems",
	author		= "Subhro Roy and Dan Roth",
	journal	= "Empirical Methods in Natural Language Processing",
	pages		= "",
	year		= "2015"
}
@article{12,
	title		= "Learn to solve algebra word problems using quadratic programming",
	author		= "Lipu Zhou and Shuaixiang Dai and Liwei Chen",
	journal	= "Empirical Methods in Natural Language Processing",
	pages		= "",
	year		= "2015"
}
@article{13,
	title		= "Reinforcement learning for mapping instructions to actions",
	author		= "S. R. K. Branavan and Harr Chen and Luke S. Zettlemoyer and Regina Barzilay",
	journal	= "ACL/AFNLP",
	pages		= "82--90",
	year		= "2009"
}
@article{14,
	title		= "Learning semantic correspondences with less supervision",
	author		= "Percy Liang and Michael I. Jordan and Dan Klein",
	journal	= "ACL/AFNLP",
	pages		= "91--99",
	year		= "2009"
}
@article{15,
	title		= "Training a multilingual sportscaster: Using perceptual context to learn language",
	author		= "David L. Chen and Joohyun Kim and Raymond J. Mooney",
	journal		= "JAIR",
	pages		= "397--435",
	year		= "2010"
}
@article{16,
	title		= "Label ranking under ambiguous supervision for learning semantic correspondences",
	author		= "Antoine Bordes and Nicolas Usunier and Jason Weston",
	journal		= "ICML",
	pages		= "103--110",
	year		= "2010"
}
@article{17,
	title		= "How many words is a picture worth? Automatic caption generation for news images",
	author		= "Yansong Feng and Mirella Lapata",
	journal		= "ACL",
	pages		= "1239--1249",
	year		= "2010"
}
@article{18,
	title		= "Semantic understanding of professional soccer commentaries",
	author		= "Hannaneh Hajishirzi and Mohammad Rastegari and Ali Farhadi and Jessica K. Hodgins",
	journal	= "Uncertainty in Artificial Intelligence",
	pages		= "",
	year		= "2012"
}
@article{19,
	title		= "Reasoning about robocup soccer narratives",
	author		= "Hannaneh Hajishirzi and Julia Hockenmaier and Erik T. Mueller and Eyal Amir",
	journal		= "Uncertainty in Artificial Intelligence",
	pages		= "291--300",
	year		= "2011"
}
@article{20,
	title		= "Learning to parse natural language commands to a robot control system",
	author		= "Cynthia Matuszek and Evan Herbst and Luke Zettlemoyer and Dieter Fox",
	journal		= "International Symposium on Experimental Robotics (ISER)",
	pages		= "",
	year		= "2012"
}
@article{21,
	title		= "Weakly supervised learning of semantic parsers for mapping instructions to actions",
	author		= "Yoav Artzi and Luke Zettlemoyer",
	journal		= "TACL",
	pages		= "49-62",
	year		= "2013"
}
@article{22,
	title		= "See no evil, say no evil: Description generation from densely labeled images",
	author		= "Mark Yatskar and Lucy Vanderwende and Luke Zettlemoyer",
	journal		= "Lexical and Computational Semantics",
	pages		= "110",
	year		= "2014"
}
@article{23,
	title		= "Learning knowledge graphs for question answering through conversational dialog",
	author		= "Ben Hixon and Peter Clark and Hannaneh Hajishirzi",
	journal		= "North American Chapter of the Association for Computational Linguistics",
	pages		= "",
	year		= "2015"
}
@article{24,
	title		= "A linear programming formulation for global inference in natural language tasks",
	author		= "Dan Roth and Wen-tau Yih",
	journal		= "Association for Computational Linguistics",
	pages		= "1--8",
	year		= "2004"
}
@article{25,
	title		= "A joint model for extended semantic role labeling",
	author		= "Vivek Srikumar and Dan Roth",
	journal		= "EMNLP",
	pages		= "",
	year		= "2011"
}
@article{26,
	title		= "Learning from natural instructions",
	author		= "D. Goldwasser and D. Roth",
	journal		= "IJCAI",
	pages		= "",
	year		= "2011"
}
@article{27,
	title		= "Modeling biological processes for reading comprehension",
	author		= "Jonathan Berant and Vivek Srikumar and Pei-Chun Chen and Abby Vander Linden and Brittany Harding and Brad Huang and Peter Clark and Christopher D. Manning",
	journal	= "EMNLP",
	pages		= "",
	year		= "2014"
}
@article{28,
	title		= "Toward abstractive summarization using semantic
	representations",
	author		= "Fei Liu and Jeffrey Flanigan and Sam Thomson and Norman Sadeh and Noah A. Smith",
	journal		= "North American Chapter of the Association for Computational Linguistics",
	pages		= "",
	year		= "2015"
}
@article{29,
	title		= "Discriminative re-ranking for natural language parsing",
	author		= "Michael Collins",
	journal		= "Computational Linguistics",
	pages		= "25--70",
	year		= "2005"
}
@article{30,
	title		= "Discriminative re-ranking for semantic parsing",
	author		= "Ruifang Ge and Raymond J. Mooney",
	journal		= "Association for Computational Linguistics",
	pages		= "",
	year		= "2006"
}
@article{31,
	title		= "An information-theoretic definition of similarity",
	author		= "Dekang Lin",
	journal		= "ICML",
	pages		= "296--304",
	year		= "1998"
}
@article{32,
	title		= "Generating typed dependency parses from phrase
	structure parses",
	author		= "Marie-Catherine De Marneffe and Bill MacCartney and Christopher D. Manning",
	journal		= "LREC",
	pages		= "449--454",
	year		= "2006"
}
@article{33,
	title		= "IBM ILOG",
	author		= "IBM ILOG CPLEX Optimization Studio 12.6.1",
	journal		= "",
	pages		= "",
	year		= "2014"
}
@article{34,
	title		= "Random Decision Forests",
	author		= "Ho Tin Kam",
	journal		= "International Conference on Document Analysis and Recognition",
	pages		= "278--282",
	year		= "1995"
}
@article{35,
	title		= "The Random Subspace Method for Constructing 	Decision Forests",
	author		= "Ho Kam",
	journal		= "IEEE Transactions on Pattern Analysis and Machine Intelligence",
	pages		= "832-844",
	year		= "1998"
}
@misc{wikiparsing,
	author       = "Wikipedia",
	title        = "Parsing",
	howpublished = "\url{https://en.wikipedia.org/wiki/Parsing}"
}
@misc{googleimage,
	author       = "Google",
	title        = "Images related to Percentage Word Problem",
	howpublished ="\url{https://www.google.com/search?q=images+related+to+percentage+word+problems}"
}
@misc{kfoldimage,
	author       = "Wikipedia",
	title        = "Cross-validation (statistics)",
	howpublished ="\url{https://en.wikipedia.org/wiki/Cross-validation_(statistics)}"
}
